<?xml version="1.0" encoding="UTF-8"?><record xmlns="http://www.loc.gov/MARC21/slim" xmlns:cinclude="http://apache.org/cocoon/include/1.0" xmlns:zs="http://www.loc.gov/zing/srw/">
  <leader>00524cz  a2200145n  4500</leader>
  <controlfield tag="001">n  83025208 </controlfield>
  <controlfield tag="003">DLC</controlfield>
  <controlfield tag="005">20141208114847.0</controlfield>
  <controlfield tag="008">830331n| azannaab           |n aaa      </controlfield>
  <datafield tag="010" ind1=" " ind2=" ">
    <subfield code="a">n  83025208 </subfield>
  </datafield>
  <datafield tag="040" ind1=" " ind2=" ">
    <subfield code="a">DLC</subfield>
    <subfield code="b">eng</subfield>
    <subfield code="e">rda</subfield>
    <subfield code="c">DLC</subfield>
    <subfield code="d">DLC</subfield>
  </datafield>
  <datafield tag="046" ind1=" " ind2=" ">
    <subfield code="f">1929</subfield>
  </datafield>
  <datafield tag="100" ind1="1" ind2=" ">
    <subfield code="a">Charles, Rodger,</subfield>
    <subfield code="d">1929-</subfield>
  </datafield>
  <datafield tag="670" ind1=" " ind2=" ">
    <subfield code="a">His Man, industry and society, 1964.</subfield>
  </datafield>
  <datafield tag="670" ind1=" " ind2=" ">
    <subfield code="a">An introduction to Catholic social teaching, c1999:</subfield>
    <subfield code="b">t.p. (Rodger Charles, SJ (p. 4 of cover (lecturer &amp; tutor in moral &amp; pastoral theol., Campion Hall, Oxford; ordained 1964)</subfield>
  </datafield>
</record>